@misc{YoloV8-CAM,
    title = {{Yolov8-CAM implementation}},
    author = {rigvedrs},
    howpublished = {\url{https://github.com/rigvedrs/YOLO-V8-CAM}},
    year = {2024}
}

@misc{pytorch-grad-cam,
    title = {{GRADCAM implementation}},
    author = {jacobgil and Pythorch Contributors},
    howpublished = {\url{https://github.com/jacobgil/pytorch-grad-cam}},
    year = {2024}
}

@misc{Yolov8,
    title = {{You Only See Once Project at Ultralytics}},
    author = {Ultralytics},
    howpublished = {\url{https://github.com/ultralytics/yolov5}},
    year = {2024}
}

@inproceedings{lundberg2017unified,
  title = {A Unified Approach to Interpreting Model Predictions},
  author = {Lundberg, Scott M and Lee, Su-In},
  booktitle = {Advances in Neural Information Processing Systems 30},
  pages = {4765--4774},
  year = {2017},
  publisher = {Curran Associates, Inc.},
  url = {http://papers.nips.cc/paper/7062-a-unified-approach-to-interpreting-model-predictions.pdf}
}

@inproceedings{ribeiro-etal-2016-trust,
    title = {{``Why Should I Trust You?''}: Explaining the Predictions of Any Classifier},
    author = {Ribeiro, Marco  and Singh, Sameer  and Guestrin, Carlos},
    booktitle = {Proceedings of the 2016 Conference of the North American Chapter of the Association for Computational Linguistics: Demonstrations},
    month = jun,
    year = {2016},
    address = {San Diego, California},
    publisher = {Association for Computational Linguistics},
    url = {https://aclanthology.org/N16-3020},
    doi = {10.18653/v1/N16-3020},
    pages = {97--101}
}

@inproceedings{muhammad2020eigencam,
  author    = {Muhammad, M. Bilal and Yeasin, Mohammed},
  title     = {Eigen-CAM: Class Activation Map Using Principal Components},
  booktitle = {2020 International Joint Conference on Neural Networks (IJCNN)},
  year      = {2020},
  month     = jul,
  pages     = {1--7},
  organization = {IEEE},
  url = {https://ieeexplore.ieee.org/abstract/document/9206626}
}